@Book{BLE_Book,
author = {Robin Heydon},
OPTeditor = {},
title = {Bluetooth Low Energy, The Developer's Handbook},
publisher = {Prentice Hall},
year = {2012},
OPTkey = {•},
OPTvolume = {•},
OPTnumber = {•},
OPTseries = {•},
OPTaddress = {•},
OPTedition = {•},
OPTmonth = {•},
OPTnote = {•},
OPTannote = {•}
}

@Book{Formelbuch,
author = {Lothar Papula},
OPTeditor = {},
title = {Mathematik für Ingenieure und Naturwissenschaftler Band 1},
publisher = {VIEWWEG + TEUBNER},
year = {2009},
OPTkey = {•},
OPTvolume = {•},
OPTnumber = {•},
OPTseries = {•},
OPTaddress = {•},
OPTedition = {•},
OPTmonth = {•},
OPTnote = {•},
OPTannote = {•}
}

@Misc{BLE_advertising,
OPTkey = {•},
author = {Argenox},
OPTtitle = {•},
howpublished = {},
url = {http://www.argenox.com/bluetooth-low-energy-ble-v4-0-development/library/a-ble-advertising-primer/ },
urldate = {29.05.16},
month = {Mai},
year = {2015},
OPTnote = {},
OPTannote = {•}
}

@Misc{youtube_BLE,
OPTkey = {},
author = {Future Electronics},
title = {Bluetooth Core Specification Version 4.0},
howpublished = {},
url = {https://www.youtube.com/watch?v=AIHpSCYOQNI},
urldate = {},
month = {Mai},
year = {2015},
OPTnote = {•},
OPTannote = {•}
}

@Misc{ELKO_BLE,
OPTkey = {},
author = {Elektronik Kompendium},
title = {Bluetooth Low Energy / Bluetooth Smart (4.0 / 4.1 / 4.2)},
howpublished = {},
url = {http://www.elektronik-kompendium.de/sites/kom/1805171.htm},
urldate = {},
month = {Mai},
year = {2015},
OPTnote = {•},
OPTannote = {•}
}

@Misc{Interent_BLE,
OPTkey = {•},
author = {bluAir},
title = {Bluetooth Range},
howpublished = {},
url = {http://www.bluair.pl/bluetooth-range},
urldate = {21.05.16},
OPTmonth = {Mai},
year = {2015},
OPTnote = {•},
OPTannote = {•}
}

@Misc{calcPressure,
OPTkey = {•},
author = {Ingenieurbüro Dolder Energie- und Gebäudetechnik},
title = {Druckumrechnungen, Druckeinheiten},
howpublished = {},
url = {http://www.dolder-ing.ch/wissen/Einheiten/Tab_Druckumr/Tab-Druckumrechn-Gebrf.htm},
urldate = {22.04.16},
OPTmonth = {Mai},
year = {2016},
OPTnote = {•},
OPTannote = {•}
}

@Misc{calcVelocity,
OPTkey = {•},
author = {CONVERTWORLD.COM},
title = {Knoten, Geschwindigkeit},
howpublished = {},
url = {http://www.convertworld.com/de/geschwindigkeit/knoten.html},
urldate = {22.04.16},
OPTmonth = {Mai},
year = {2016},
OPTnote = {•},
OPTannote = {•}
}

@Misc{calcTemp,
OPTkey = {•},
author = {umrechnung.org},
title = {Temperatur Umrechnung},
howpublished = {},
url = {http://www.umrechnung.org/masseinheiten-temperatur-celsius-fahrenheit-kelvin/celsius-fahrenheit-umrechnung.htm},
urldate = {22.04.16},
OPTmonth = {Mai},
year = {2016},
OPTnote = {•},
OPTannote = {•}
}



@Misc{Internet_solarzelle,
OPTkey = {•},
author = {Wikipedia},
title = {Solarzelle},
howpublished = {},
url = {https://de.wikipedia.org/wiki/Solarzelle },
urldate = {21.5.16},
OPTmonth = {Mai},
year = {2011},
OPTnote = {•},
OPTannote = {•}
}

@Misc{Internet_Solarzelle2,
key = {Solarstrom macht Schule},
OPTauthor = {CKW },
OPTtitle = {Solarstrom macht Schule},
howpublished = {},
url = {http://sms.ckw.ch/content/ckwsms/de/startseite/mittelstufe/solaranlage-erklaert.html   },
urldate = {21.5.16},
OPTmonth = {},
year = {2011},
OPTnote = {},
annote = {Abschnitt Funktionsprinzip}
}


@Article{Journal_TEG,
author = {Nikunj Adroja, Prof. Shruti B. Mehta, Pratik Shah},
title = {Review of Thermoelectricity to Improve Energy Quality},
journal = {Technologies and innovative Research},
year = {2015},
OPTkey = {•},
volume = {2},
OPTnumber = {•},
pages = {847 - 850},
month = {March},
OPTnote = {•},
OPTannote = {•}
}


@Misc{titelblattBicycleRoad,
OPTkey = {•},
author = {Jiro},
OPTtitle = {•},
howpublished = {},
url = {https://openclipart.org/detail/135991/bicycle},
urldate = {},
month = {Mai},
year = {2011},
OPTnote = {TODO: nur grafik: muss ins Abbildungsverzeichnis},
OPTannote = {•}
}

@Misc{titelblattBicycleRoad2,
OPTkey = {•},
author = {Bla},
OPTtitle = {•},
howpublished = {},
url = {https://openclipart.org/detail/135991/bicycle},
urldate = {},
month = {Mai},
year = {2011},
OPTnote = {TODO: nur grafik: muss ins Abbildungsverzeichnis},
OPTannote = {•}
}
@Misc{harvesting,
OPTkey = {•},
author = {Jürgen Schwager},
OPTtitle = {•},
url = {http://www.harvesting-energy.de/},
urldate = {März 2016},
OPThowpublished = {•},
OPTmonth = {},
year = {2016},
OPTnote = {•},
OPTannote = {•}
}

@Misc{mpp_solar,
OPTkey = {•},
author = {Wikipedia},
OPTtitle = {•},
OPThowpublished = {•},
url = {https://en.wikipedia.org/wiki/Maximum_power_point_tracking},
month = {Mai},
year = {2016},
OPTnote = {TODO: nur grafik: muss ins Abbildungsverzeichnis},
OPTannote = {•}
}

@Misc{equ_inductivity,
OPTkey = {•},
author = {Herr Prof. Dipl. El. Ing. ETH Martin Schlup},
Ttitle = {Spule und induktivität},
OPThowpublished = {•},
url = {https://home.zhaw.ch/~spma/Scripts/ET_ST/EL2/Theorie/Induktivitaet.pdf},
month = {März},
year = {2016},
OPTnote = {},
OPTannote = {•}
}

@Misc{eqn_res_leiter,
OPTkey = {•},
author = {Dennis Rudolph},
Ttitle = {Leiterwiderstand / Widerstand Leitung berechnen},
OPThowpublished = {•},
url = {http://www.frustfrei-lernen.de/elektrotechnik/leiterwiderstand-wiederstand-leitung-berechnen.html},
month = {März},
year = {2015},
OPTnote = {},
OPTannote = {•}
}


@Book{MPP_TEG,
author = {Andrea Montecucco, Andrew R. Knox},
ALTeditor = {},
title = {Maximum Power Point Tracking Converter Based on the Open-Circuit Voltage Method for Thermoelectric Generators},
publisher = {IEEE Transaction On Power Electronics},
year = {2014},
OPTkey = {•},
OPTvolume = {•},
OPTnumber = {•},
OPTseries = {•},
OPTaddress = {•},
OPTedition = {•},
OPTmonth = {•},
OPTnote = {TODO: nur grafik: muss ins Abbildungsverzeichnis},
OPTannote = {•}
}

@Misc{MPP_Spule,
OPTkey = {•},
author = {Karthik Kadirvel, Brian Lum-Shue-Chan},
OPTtitle = {•},
OPThowpublished = {•},
url = {http://www.electronicproducts.com/Power_Products/Batteries_and_Fuel_Cells/Energy_harvesting_from_an_ambient_electric_field.aspx},
month = {Mai},
year = {2016},
OPTnote = {•},
OPTannote = {•}
}

@Misc{MPP_Harv,
OPTkey = {•},
author = {Manuel Koenig },
title = {Messprotokoll Harvester},
OPThowpublished = {•},
OPTmonth = {•},
year = {2016},
OPTnote = {•},
OPTannote = {•}
}

@Misc{SigmaSport,
OPTkey = {•},
OPTauthor = {*},
title = {Fahrrad Computer - SIGMA GERMANY},
OPThowpublished = {•},
url = {http://sigmasport.com/de/produkte/fahrrad-computer},
month = {April},
year = {2016},
OPTnote = {•},
OPTannote = {•}
}

@Misc{PolarElectro,
OPTkey = {•},
OPTauthor = {*},
title = {Alle Herzfrequenz-Messgeräte und GPS-fähige Sportuhren},
OPThowpublished = {•},
url = {http://www.polar.com/ch-de/products},
month = {April},
year = {2016},
OPTnote = {•},
OPTannote = {•}
}

@Misc{Reelight,
OPTkey = {•},
OPTauthor = {*},
title = {REELIGHT},
OPThowpublished = {•},
url = {https://www.reelight.com/en/products/},
month = {April},
year = {2016},
OPTnote = {•},
OPTannote = {•}
}

@MastersThesis{PA_bicycle,
author = {Roman Schneider, Daniel Studer},
title = {Bicycle computer and sensoric powered with harvested energy},
type = {Projektarbeit},
school = {ZHAW School of Engineering},
year = {2015}
}

@Manual{datasheet_EM85,
title = {EM8500, Power Management Controller with energy harvesting interface},
OPTkey = {},
author = {EMMicroelectronic},
organization = {Datasheet},
OPTaddress = {•},
OPTedition = {},
OPTmonth = {•},
year = {2015},
note = {V 1.0}, 
OPTannote = {•}
}


@Manual{Sensortag_BLE,
title = {SWRU393_CC2640_BLE_Software_Developers's_Guide},
OPTkey = {},
author = {TI},
organization = {Guide},
OPTaddress = {•},
OPTedition = {},
OPTmonth = {•},
year = {2015},
note = {}, 
OPTannote = {•}
}

@Manual{Sensortag_Datasheet,
title = {Sensortag, CC2650 Datasheet},
OPTkey = {},
author = {TI},
organization = {Guide},
OPTaddress = {•},
OPTedition = {},
OPTmonth = {•},
year = {2015},
note = {}, 
OPTannote = {•}
}

@Manual{Sensortag_Manual,
title = {Technical Reference Manual, CC26xx Simple Link Wireless MCU},
OPTkey = {},
author = {Texax Instrument},
organization = {SWCU117D},
OPTaddress = {•},
OPTedition = {},
month = {September},
year = {2015},
note = {}, 
OPTannote = {•}
}

% Messprotokolle

@MastersThesis{messung_elko_ausgang,
author = {Manuel König},
title = {Messprotokoll Kondensator Ausgang Harvesterschaltung},
type = {Messprotokoll},
school = {ZHAW School of Engineering},
month = {Februar},
year = {2016}
}

@MastersThesis{messung_opt_spule,
author = {Manuel König},
title = {Messprotokoll Optimierung Spule},
type = {Messprotokoll},
school = {ZHAW School of Engineering},
month = {März},
year = {2016}
}

@MastersThesis{messung_opt_gleichrichter1,
author = {Manuel König},
title = {Messprotokoll Optimierung Gleichrichter 1},
type = {Messprotokoll},
school = {ZHAW School of Engineering},
month = {März},
year = {2016}
}

@MastersThesis{messung_opt_gleichrichter2,
author = {Manuel König},
title = {Messprotokoll Optimierung Gleichrichter 2},
type = {Messprotokoll},
school = {ZHAW School of Engineering},
month = {März},
year = {2016}
}

@MastersThesis{messung_opt_limiter,
author = {Manuel König},
title = {Messprotokoll Optimierung Limiter},
type = {Messprotokoll},
school = {ZHAW School of Engineering},
month = {März},
year = {2016}
}

@MastersThesis{messung_versch_Harvester,
author = {Manuel König},
title = {Messprotokoll Leistungskennlinie Harvester verschiedene Harvester},
type = {Messprotokoll},
school = {ZHAW School of Engineering},
month = {März},
year = {2016}
}

@MastersThesis{messung_flieg_aufbau,
author = {Manuel König},
title = {Messprotokoll Leistungskennlinie fliegender Aufbau},
type = {Messprotokoll},
school = {ZHAW School of Engineering},
month = {März},
year = {2016}
}

@MastersThesis{messung_opt_spule_magnet,
author = {Manuel König},
title = {Messprotokoll Optimierung Spule mit verschiedenen Spulen und Magneten},
type = {Messprotokoll},
school = {ZHAW School of Engineering},
month = {April},
year = {2016}
}

@MastersThesis{messung_harvester_prototyp,
author = {Manuel König},
title = {Messprotokoll Leistungskennlinie Harvester Prototypenhardware},
type = {Messprotokoll},
school = {ZHAW School of Engineering},
month = {April},
year = {2016}
}

@MastersThesis{messung_position_magnet,
author = {Manuel König},
title = {Messprotokoll Leistungskennlinie Position Magnet},
type = {Messprotokoll},
school = {ZHAW School of Engineering},
month = {Mai},
year = {2016}
}

@MastersThesis{messung_inbetrieb_prototyp,
author = {Manuel König},
title = {Messprotokoll Inbetriebnahme Prototyp},
type = {Messprotokoll},
school = {ZHAW School of Engineering},
month = {Mai},
year = {2016}
}

@MastersThesis{messung_harvester_prototyp2,
author = {Manuel König},
title = {Messprotokoll Leistungskennlinie Harvesterausgang Prototyp},
type = {Messprotokoll},
school = {ZHAW School of Engineering},
month = {Mai},
year = {2016}
}

@MastersThesis{messung_emchip_inbetrieb,
author = {Manuel König},
title = {Messprotokoll Energiemessung EM-Chip Inbetriebnahme},
type = {Messprotokoll},
school = {ZHAW School of Engineering},
month = {Mai},
year = {2016}
}

@MastersThesis{messung_inbetrieb_emanagement,
author = {Manuel König},
title = {Messprotokoll Inbetriebnahme Prototyp Energiemanagement},
type = {Messprotokoll},
school = {ZHAW School of Engineering},
month = {Mai},
year = {2016}
}

@MastersThesis{messung_harvester_elko,
author = {Manuel König},
title = {Messprotokoll Harvesterausgang Elko},
type = {Messprotokoll},
school = {ZHAW School of Engineering},
month = {Mai},
year = {2016}
}

@MastersThesis{messung_harvester_finish,
author = {Manuel König},
title = {Messprotokoll Leistungskennlinie Harvesterausgang endgültige Hardware},
type = {Messprotokoll},
school = {ZHAW School of Engineering},
month = {Mai},
year = {2016}
}

@MastersThesis{messung_BLE,
author = {Manuel König},
title = {Messprotokoll BLE Kommunikation Paketverlust},
type = {Messprotokoll},
school = {ZHAW School of Engineering},
month = {Mai},
year = {2016}
}

@MastersThesis{messung_emausgang_finish,
author = {Manuel König},
title = {Messprotokoll Energiemessung EM-Ausgang endgültige Hardware},
type = {Messprotokoll},
school = {ZHAW School of Engineering},
month = {Mai},
year = {2016}
}

@MastersThesis{messung_energie_sensortag,
author = {Katrin Bächli},
title = {Messprotokoll Energieverbrauch SensorTag},
type = {Messprotokoll},
school = {ZHAW School of Engineering},
month = {Juni},
year = {2016}
}